@phdthesis{Wenzel-PhD,author={Markus Wenzel},title={Isabelle/Isar --- A
Versatile Environment for Human-Readable Formal Proof Documents},
school={Institut f{\"u}r Informatik, Technische Universit{\"a}t M{\"u}nchen},
year=2002}
