
@inproceedings{NipkowOP00,
author={Tobias Nipkow and Oheimb, David von and Cornelia Pusch},
title={{$\mu$Java}: Embedding a Programming Language in a Theorem Prover},
booktitle={Proceedings of the international summer school Marktoberdorf '99},
editor={F.L. Bauer and R. Steinbr\"uggen},publisher={IOS Press},year=2000,note={To appear}}
