@Book{davenport92,
  author =	 {H. Davenport},
  title = 	 {The Higher Arithmetic},
  publisher = 	 {Cambridge University Press},
  year = 	 1992
}
